
<marc:record><marc:leader>01198nam a2200301 i 4500</marc:leader>
<marc:controlfield tag="001">000000007</marc:controlfield>
<marc:controlfield tag="003">CaOONL</marc:controlfield><marc:controlfield tag="005">20041121202758.0</marc:controlfield><marc:controlfield tag="008">760319s1975    dcuab    b   f001 0 eng d</marc:controlfield><marc:datafield tag="035" ind1="9" ind2=" "><marc:subfield code="a">gp^76000007</marc:subfield></marc:datafield><marc:datafield tag="035" ind1=" " ind2=" "><marc:subfield code="a">(OCoLC)2058215</marc:subfield></marc:datafield><marc:datafield tag="040" ind1=" " ind2=" "><marc:subfield code="a">GPO</marc:subfield><marc:subfield code="b">eng</marc:subfield><marc:subfield code="c">GPO</marc:subfield></marc:datafield><marc:datafield tag="086" ind1=" " ind2=" "><marc:subfield code="a">A 1.36:1493</marc:subfield></marc:datafield><marc:datafield tag="099" ind1=" " ind2=" "><marc:subfield code="a">A 1.36:1493</marc:subfield></marc:datafield><marc:datafield tag="100" ind1="1" ind2=" "><marc:subfield code="a">Gordon, Robert D.</marc:subfield><marc:subfield code="0">https://id.loc.gov/authorities/names/n81101300</marc:subfield></marc:datafield><marc:datafield tag="245" ind1="1" ind2="2"><marc:subfield code="a">A revision of the Epilachninae of the Western Hemisphere (Coleoptera: Coccinellidae) /</marc:subfield><marc:subfield code="c">by Robert D. Gordon.</marc:subfield></marc:datafield><marc:datafield tag="264" ind1=" " ind2="1"><marc:subfield code="a">Washington :</marc:subfield><marc:subfield code="b">U.S. Dept. of Agriculture, Agricultural Research Service,</marc:subfield><marc:subfield code="c">1975.</marc:subfield></marc:datafield><marc:datafield tag="336" ind1=" " ind2=" "><marc:subfield code="a">text</marc:subfield><marc:subfield code="b">txt</marc:subfield><marc:subfield code="2">rdacontent</marc:subfield></marc:datafield><marc:datafield tag="337" ind1=" " ind2=" "><marc:subfield code="b">z</marc:subfield><marc:subfield code="2">rdamedia</marc:subfield></marc:datafield><marc:datafield tag="338" ind1=" " ind2=" "><marc:subfield code="b">zu</marc:subfield><marc:subfield code="2">rdacarrier</marc:subfield></marc:datafield><marc:datafield tag="490" ind1="1" ind2=" "><marc:subfield code="a">Technical bulletin - Dept. of Agriculture ;</marc:subfield><marc:subfield code="v">no. 1493</marc:subfield></marc:datafield><marc:datafield tag="500" ind1=" " ind2=" "><marc:subfield code="a">Includes index of names.</marc:subfield></marc:datafield><marc:datafield tag="500" ind1=" " ind2=" "><marc:subfield code="a">Item 16</marc:subfield></marc:datafield><marc:datafield tag="504" ind1=" " ind2=" "><marc:subfield code="a">Bibliography: pages 241-244.</marc:subfield></marc:datafield><marc:datafield tag="590" ind1=" " ind2=" "><marc:subfield code="a">[7 cds]</marc:subfield></marc:datafield><marc:datafield tag="650" ind1=" " ind2="0"><marc:subfield code="a">Beetles</marc:subfield><marc:subfield code="v">Catalogs and collections.</marc:subfield></marc:datafield><marc:datafield tag="710" ind1="1" ind2=" "><marc:subfield code="a">United States.</marc:subfield><marc:subfield code="b">Agricultural Research Service.</marc:subfield><marc:subfield code="0">https://id.loc.gov/authorities/names/n79108942</marc:subfield></marc:datafield><marc:datafield tag="830" ind1=" " ind2="0"><marc:subfield code="a">Technical bulletin (United States. Department of Agriculture) ;</marc:subfield><marc:subfield code="v">no. 1493.</marc:subfield><marc:subfield code="0">https://id.loc.gov/authorities/names/n84704854</marc:subfield></marc:datafield></marc:record>